@article{wang2004timcoat,
  title={TIMCOAT: an integrated fuel performance model for coated particle fuel},
  author={Wang, Jing and Ballinger, Ronald G and Maclean, Heather J},
  journal={Nuclear technology},
  volume={148},
  number={1},
  pages={68--96},
  year={2004},
  publisher={American Nuclear Society}
}

@phdthesis{wang2004integrated,
  title={An integrated performance model for high temperature gas cooled reactor coated particle fuel},
  author={Wang, Jing},
  year={2004},
  school={Massachusetts Institute of Technology}
}

@misc{rde,
	title = {Reaktor Daya Eksperimental (RDE)},
	howpublished = {\url{http://www.batan.go.id/index.php/id/reaktor-daya-eksperimental-rde}},
	note = {Diakses: 17-07-2017}
}

@article{VERFONDERN201484,
title = "Conclusions from V\&V studies on the German codes PANAMA and FRESCO for HTGR fuel performance and fission product release",
journal = "Nuclear Engineering and Design",
volume = "271",
number = "",
pages = "84 - 91",
year = "2014",
note = "SI : HTR 2012",
issn = "0029-5493",
doi = "http://dx.doi.org/10.1016/j.nucengdes.2013.11.015",
url = "http://www.sciencedirect.com/science/article/pii/S0029549313005992",
author = "K. Verfondern and J. Cao and T. Liu and H.-J. Allelein",

}
